%YAML 1.1
%TAG !u! tag:unity3d.com,2011:
--- !u!29 &1
OcclusionCullingSettings:
  m_ObjectHideFlags: 0
  serializedVersion: 2
  m_OcclusionBakeSettings:
    smallestOccluder: 5
    smallestHole: 0.25
    backfaceThreshold: 100
  m_SceneGUID: 00000000000000000000000000000000
  m_OcclusionCullingData: {fileID: 0}
--- !u!104 &2
RenderSettings:
  m_ObjectHideFlags: 0
  serializedVersion: 9
  m_Fog: 0
  m_FogColor: {r: 0.5, g: 0.5, b: 0.5, a: 1}
  m_FogMode: 3
  m_FogDensity: 0.01
  m_LinearFogStart: 0
  m_LinearFogEnd: 300
  m_AmbientSkyColor: {r: 0.212, g: 0.227, b: 0.259, a: 1}
  m_AmbientEquatorColor: {r: 0.114, g: 0.125, b: 0.133, a: 1}
  m_AmbientGroundColor: {r: 0.047, g: 0.043, b: 0.035, a: 1}
  m_AmbientIntensity: 1
  m_AmbientMode: 0
  m_SubtractiveShadowColor: {r: 0.42, g: 0.478, b: 0.627, a: 1}
  m_SkyboxMaterial: {fileID: 10304, guid: 0000000000000000f000000000000000, type: 0}
  m_HaloStrength: 0.5
  m_FlareStrength: 1
  m_FlareFadeSpeed: 3
  m_HaloTexture: {fileID: 0}
  m_SpotCookie: {fileID: 10001, guid: 0000000000000000e000000000000000, type: 0}
  m_DefaultReflectionMode: 0
  m_DefaultReflectionResolution: 128
  m_ReflectionBounces: 1
  m_ReflectionIntensity: 1
  m_CustomReflection: {fileID: 0}
  m_Sun: {fileID: 0}
  m_IndirectSpecularColor: {r: 0, g: 0, b: 0, a: 1}
  m_UseRadianceAmbientProbe: 0
--- !u!157 &3
LightmapSettings:
  m_ObjectHideFlags: 0
  serializedVersion: 11
  m_GIWorkflowMode: 1
  m_GISettings:
    serializedVersion: 2
    m_BounceScale: 1
    m_IndirectOutputScale: 1
    m_AlbedoBoost: 1
    m_EnvironmentLightingMode: 0
    m_EnableBakedLightmaps: 1
    m_EnableRealtimeLightmaps: 1
  m_LightmapEditorSettings:
    serializedVersion: 12
    m_Resolution: 2
    m_BakeResolution: 40
    m_AtlasSize: 1024
    m_AO: 0
    m_AOMaxDistance: 1
    m_CompAOExponent: 1
    m_CompAOExponentDirect: 0
    m_ExtractAmbientOcclusion: 0
    m_Padding: 2
    m_LightmapParameters: {fileID: 0}
    m_LightmapsBakeMode: 1
    m_TextureCompression: 1
    m_FinalGather: 0
    m_FinalGatherFiltering: 1
    m_FinalGatherRayCount: 256
    m_ReflectionCompression: 2
    m_MixedBakeMode: 2
    m_BakeBackend: 1
    m_PVRSampling: 1
    m_PVRDirectSampleCount: 32
    m_PVRSampleCount: 512
    m_PVRBounces: 2
    m_PVREnvironmentSampleCount: 256
    m_PVREnvironmentReferencePointCount: 2048
    m_PVRFilteringMode: 1
    m_PVRDenoiserTypeDirect: 1
    m_PVRDenoiserTypeIndirect: 1
    m_PVRDenoiserTypeAO: 1
    m_PVRFilterTypeDirect: 0
    m_PVRFilterTypeIndirect: 0
    m_PVRFilterTypeAO: 0
    m_PVREnvironmentMIS: 1
    m_PVRCulling: 1
    m_PVRFilteringGaussRadiusDirect: 1
    m_PVRFilteringGaussRadiusIndirect: 5
    m_PVRFilteringGaussRadiusAO: 2
    m_PVRFilteringAtrousPositionSigmaDirect: 0.5
    m_PVRFilteringAtrousPositionSigmaIndirect: 2
    m_PVRFilteringAtrousPositionSigmaAO: 1
    m_ExportTrainingData: 0
    m_TrainingDataDestination: TrainingData
  m_LightingDataAsset: {fileID: 0}
  m_UseShadowmask: 1
--- !u!196 &4
NavMeshSettings:
  serializedVersion: 2
  m_ObjectHideFlags: 0
  m_BuildSettings:
    serializedVersion: 2
    agentTypeID: 0
    agentRadius: 0.5
    agentHeight: 2
    agentSlope: 45
    agentClimb: 0.4
    ledgeDropHeight: 0
    maxJumpAcrossDistance: 0
    minRegionArea: 2
    manualCellSize: 0
    cellSize: 0.16666667
    manualTileSize: 0
    tileSize: 256
    accuratePlacement: 0
    debug:
      m_Flags: 0
  m_NavMeshData: {fileID: 0}
--- !u!1001 &75738474
PrefabInstance:
  m_ObjectHideFlags: 0
  serializedVersion: 2
  m_Modification:
    m_TransformParent: {fileID: 0}
    m_Modifications:
    - target: {fileID: 723373578400953607, guid: 08c3213c968c09740b57c333450d3566,
        type: 3}
      propertyPath: m_Name
      value: KeyPartA
      objectReference: {fileID: 0}
    - target: {fileID: 4346723194681100052, guid: 08c3213c968c09740b57c333450d3566,
        type: 3}
      propertyPath: m_LocalPosition.x
      value: -4.388
      objectReference: {fileID: 0}
    - target: {fileID: 4346723194681100052, guid: 08c3213c968c09740b57c333450d3566,
        type: 3}
      propertyPath: m_LocalPosition.y
      value: 0.914
      objectReference: {fileID: 0}
    - target: {fileID: 4346723194681100052, guid: 08c3213c968c09740b57c333450d3566,
        type: 3}
      propertyPath: m_LocalPosition.z
      value: 0.867
      objectReference: {fileID: 0}
    - target: {fileID: 4346723194681100052, guid: 08c3213c968c09740b57c333450d3566,
        type: 3}
      propertyPath: m_LocalRotation.x
      value: 0
      objectReference: {fileID: 0}
    - target: {fileID: 4346723194681100052, guid: 08c3213c968c09740b57c333450d3566,
        type: 3}
      propertyPath: m_LocalRotation.y
      value: 0
      objectReference: {fileID: 0}
    - target: {fileID: 4346723194681100052, guid: 08c3213c968c09740b57c333450d3566,
        type: 3}
      propertyPath: m_LocalRotation.z
      value: 0
      objectReference: {fileID: 0}
    - target: {fileID: 4346723194681100052, guid: 08c3213c968c09740b57c333450d3566,
        type: 3}
      propertyPath: m_LocalRotation.w
      value: 1
      objectReference: {fileID: 0}
    - target: {fileID: 4346723194681100052, guid: 08c3213c968c09740b57c333450d3566,
        type: 3}
      propertyPath: m_RootOrder
      value: 5
      objectReference: {fileID: 0}
    - target: {fileID: 4346723194681100052, guid: 08c3213c968c09740b57c333450d3566,
        type: 3}
      propertyPath: m_LocalEulerAnglesHint.x
      value: 0
      objectReference: {fileID: 0}
    - target: {fileID: 4346723194681100052, guid: 08c3213c968c09740b57c333450d3566,
        type: 3}
      propertyPath: m_LocalEulerAnglesHint.y
      value: 0
      objectReference: {fileID: 0}
    - target: {fileID: 4346723194681100052, guid: 08c3213c968c09740b57c333450d3566,
        type: 3}
      propertyPath: m_LocalEulerAnglesHint.z
      value: 0
      objectReference: {fileID: 0}
    m_RemovedComponents: []
  m_SourcePrefab: {fileID: 100100000, guid: 08c3213c968c09740b57c333450d3566, type: 3}
--- !u!1001 &117000089
PrefabInstance:
  m_ObjectHideFlags: 0
  serializedVersion: 2
  m_Modification:
    m_TransformParent: {fileID: 0}
    m_Modifications:
    - target: {fileID: 1034506725364219903, guid: 179e9666dedb4a94aabf55a856eec243,
        type: 3}
      propertyPath: m_Name
      value: Enfoque
      objectReference: {fileID: 0}
    - target: {fileID: 4035251355173047788, guid: 179e9666dedb4a94aabf55a856eec243,
        type: 3}
      propertyPath: m_LocalPosition.x
      value: -5.164447
      objectReference: {fileID: 0}
    - target: {fileID: 4035251355173047788, guid: 179e9666dedb4a94aabf55a856eec243,
        type: 3}
      propertyPath: m_LocalPosition.y
      value: 0
      objectReference: {fileID: 0}
    - target: {fileID: 4035251355173047788, guid: 179e9666dedb4a94aabf55a856eec243,
        type: 3}
      propertyPath: m_LocalPosition.z
      value: -6.3572946
      objectReference: {fileID: 0}
    - target: {fileID: 4035251355173047788, guid: 179e9666dedb4a94aabf55a856eec243,
        type: 3}
      propertyPath: m_LocalRotation.x
      value: 0
      objectReference: {fileID: 0}
    - target: {fileID: 4035251355173047788, guid: 179e9666dedb4a94aabf55a856eec243,
        type: 3}
      propertyPath: m_LocalRotation.y
      value: 0
      objectReference: {fileID: 0}
    - target: {fileID: 4035251355173047788, guid: 179e9666dedb4a94aabf55a856eec243,
        type: 3}
      propertyPath: m_LocalRotation.z
      value: 0
      objectReference: {fileID: 0}
    - target: {fileID: 4035251355173047788, guid: 179e9666dedb4a94aabf55a856eec243,
        type: 3}
      propertyPath: m_LocalRotation.w
      value: 1
      objectReference: {fileID: 0}
    - target: {fileID: 4035251355173047788, guid: 179e9666dedb4a94aabf55a856eec243,
        type: 3}
      propertyPath: m_RootOrder
      value: 7
      objectReference: {fileID: 0}
    - target: {fileID: 4035251355173047788, guid: 179e9666dedb4a94aabf55a856eec243,
        type: 3}
      propertyPath: m_LocalEulerAnglesHint.x
      value: 0
      objectReference: {fileID: 0}
    - target: {fileID: 4035251355173047788, guid: 179e9666dedb4a94aabf55a856eec243,
        type: 3}
      propertyPath: m_LocalEulerAnglesHint.y
      value: 0
      objectReference: {fileID: 0}
    - target: {fileID: 4035251355173047788, guid: 179e9666dedb4a94aabf55a856eec243,
        type: 3}
      propertyPath: m_LocalEulerAnglesHint.z
      value: 0
      objectReference: {fileID: 0}
    m_RemovedComponents: []
  m_SourcePrefab: {fileID: 100100000, guid: 179e9666dedb4a94aabf55a856eec243, type: 3}
--- !u!1001 &365205921
PrefabInstance:
  m_ObjectHideFlags: 0
  serializedVersion: 2
  m_Modification:
    m_TransformParent: {fileID: 0}
    m_Modifications:
    - target: {fileID: 119920874565056510, guid: ef67685ea1f75174981fc4222126f3cf,
        type: 3}
      propertyPath: m_Name
      value: Player
      objectReference: {fileID: 0}
    - target: {fileID: 4169442078984997154, guid: ef67685ea1f75174981fc4222126f3cf,
        type: 3}
      propertyPath: m_LocalPosition.x
      value: -2
      objectReference: {fileID: 0}
    - target: {fileID: 4169442078984997154, guid: ef67685ea1f75174981fc4222126f3cf,
        type: 3}
      propertyPath: m_LocalPosition.y
      value: 1
      objectReference: {fileID: 0}
    - target: {fileID: 4169442078984997154, guid: ef67685ea1f75174981fc4222126f3cf,
        type: 3}
      propertyPath: m_LocalPosition.z
      value: -8.1
      objectReference: {fileID: 0}
    - target: {fileID: 4169442078984997154, guid: ef67685ea1f75174981fc4222126f3cf,
        type: 3}
      propertyPath: m_LocalRotation.x
      value: 0
      objectReference: {fileID: 0}
    - target: {fileID: 4169442078984997154, guid: ef67685ea1f75174981fc4222126f3cf,
        type: 3}
      propertyPath: m_LocalRotation.y
      value: 0
      objectReference: {fileID: 0}
    - target: {fileID: 4169442078984997154, guid: ef67685ea1f75174981fc4222126f3cf,
        type: 3}
      propertyPath: m_LocalRotation.z
      value: 0
      objectReference: {fileID: 0}
    - target: {fileID: 4169442078984997154, guid: ef67685ea1f75174981fc4222126f3cf,
        type: 3}
      propertyPath: m_LocalRotation.w
      value: 1
      objectReference: {fileID: 0}
    - target: {fileID: 4169442078984997154, guid: ef67685ea1f75174981fc4222126f3cf,
        type: 3}
      propertyPath: m_RootOrder
      value: 12
      objectReference: {fileID: 0}
    - target: {fileID: 4169442078984997154, guid: ef67685ea1f75174981fc4222126f3cf,
        type: 3}
      propertyPath: m_LocalEulerAnglesHint.x
      value: 0
      objectReference: {fileID: 0}
    - target: {fileID: 4169442078984997154, guid: ef67685ea1f75174981fc4222126f3cf,
        type: 3}
      propertyPath: m_LocalEulerAnglesHint.y
      value: 0
      objectReference: {fileID: 0}
    - target: {fileID: 4169442078984997154, guid: ef67685ea1f75174981fc4222126f3cf,
        type: 3}
      propertyPath: m_LocalEulerAnglesHint.z
      value: 0
      objectReference: {fileID: 0}
    m_RemovedComponents: []
  m_SourcePrefab: {fileID: 100100000, guid: ef67685ea1f75174981fc4222126f3cf, type: 3}
--- !u!1001 &404143441
PrefabInstance:
  m_ObjectHideFlags: 0
  serializedVersion: 2
  m_Modification:
    m_TransformParent: {fileID: 0}
    m_Modifications:
    - target: {fileID: -927199367670048503, guid: 48f93ce879e02cd4b86e587769efea8e,
        type: 3}
      propertyPath: m_Name
      value: InsideFloor01
      objectReference: {fileID: 0}
    - target: {fileID: -927199367670048503, guid: 48f93ce879e02cd4b86e587769efea8e,
        type: 3}
      propertyPath: m_IsActive
      value: 1
      objectReference: {fileID: 0}
    - target: {fileID: -927199367670048503, guid: 48f93ce879e02cd4b86e587769efea8e,
        type: 3}
      propertyPath: m_StaticEditorFlags
      value: 0
      objectReference: {fileID: 0}
    - target: {fileID: -4216859302048453862, guid: 48f93ce879e02cd4b86e587769efea8e,
        type: 3}
      propertyPath: m_LocalPosition.x
      value: 0
      objectReference: {fileID: 0}
    - target: {fileID: -4216859302048453862, guid: 48f93ce879e02cd4b86e587769efea8e,
        type: 3}
      propertyPath: m_LocalPosition.y
      value: 0
      objectReference: {fileID: 0}
    - target: {fileID: -4216859302048453862, guid: 48f93ce879e02cd4b86e587769efea8e,
        type: 3}
      propertyPath: m_LocalPosition.z
      value: 0
      objectReference: {fileID: 0}
    - target: {fileID: -4216859302048453862, guid: 48f93ce879e02cd4b86e587769efea8e,
        type: 3}
      propertyPath: m_LocalRotation.x
      value: 0
      objectReference: {fileID: 0}
    - target: {fileID: -4216859302048453862, guid: 48f93ce879e02cd4b86e587769efea8e,
        type: 3}
      propertyPath: m_LocalRotation.y
      value: 0.7071068
      objectReference: {fileID: 0}
    - target: {fileID: -4216859302048453862, guid: 48f93ce879e02cd4b86e587769efea8e,
        type: 3}
      propertyPath: m_LocalRotation.z
      value: 0
      objectReference: {fileID: 0}
    - target: {fileID: -4216859302048453862, guid: 48f93ce879e02cd4b86e587769efea8e,
        type: 3}
      propertyPath: m_LocalRotation.w
      value: 0.7071068
      objectReference: {fileID: 0}
    - target: {fileID: -4216859302048453862, guid: 48f93ce879e02cd4b86e587769efea8e,
        type: 3}
      propertyPath: m_RootOrder
      value: 13
      objectReference: {fileID: 0}
    - target: {fileID: -4216859302048453862, guid: 48f93ce879e02cd4b86e587769efea8e,
        type: 3}
      propertyPath: m_LocalEulerAnglesHint.x
      value: 0
      objectReference: {fileID: 0}
    - target: {fileID: -4216859302048453862, guid: 48f93ce879e02cd4b86e587769efea8e,
        type: 3}
      propertyPath: m_LocalEulerAnglesHint.y
      value: 90
      objectReference: {fileID: 0}
    - target: {fileID: -4216859302048453862, guid: 48f93ce879e02cd4b86e587769efea8e,
        type: 3}
      propertyPath: m_LocalEulerAnglesHint.z
      value: 0
      objectReference: {fileID: 0}
    m_RemovedComponents: []
  m_SourcePrefab: {fileID: 100100000, guid: 48f93ce879e02cd4b86e587769efea8e, type: 3}
--- !u!1 &458974955
GameObject:
  m_ObjectHideFlags: 0
  m_CorrespondingSourceObject: {fileID: 0}
  m_PrefabInstance: {fileID: 0}
  m_PrefabAsset: {fileID: 0}
  serializedVersion: 6
  m_Component:
  - component: {fileID: 458974957}
  - component: {fileID: 458974956}
  m_Layer: 0
  m_Name: Directional Light
  m_TagString: Untagged
  m_Icon: {fileID: 0}
  m_NavMeshLayer: 0
  m_StaticEditorFlags: 0
  m_IsActive: 1
--- !u!108 &458974956
Light:
  m_ObjectHideFlags: 0
  m_CorrespondingSourceObject: {fileID: 0}
  m_PrefabInstance: {fileID: 0}
  m_PrefabAsset: {fileID: 0}
  m_GameObject: {fileID: 458974955}
  m_Enabled: 1
  serializedVersion: 9
  m_Type: 1
  m_Color: {r: 1, g: 0.95686275, b: 0.8392157, a: 1}
  m_Intensity: 1
  m_Range: 10
  m_SpotAngle: 30
  m_InnerSpotAngle: 21.80208
  m_CookieSize: 10
  m_Shadows:
    m_Type: 2
    m_Resolution: -1
    m_CustomResolution: -1
    m_Strength: 1
    m_Bias: 0.05
    m_NormalBias: 0.4
    m_NearPlane: 0.2
    m_CullingMatrixOverride:
      e00: 1
      e01: 0
      e02: 0
      e03: 0
      e10: 0
      e11: 1
      e12: 0
      e13: 0
      e20: 0
      e21: 0
      e22: 1
      e23: 0
      e30: 0
      e31: 0
      e32: 0
      e33: 1
    m_UseCullingMatrixOverride: 0
  m_Cookie: {fileID: 0}
  m_DrawHalo: 0
  m_Flare: {fileID: 0}
  m_RenderMode: 0
  m_CullingMask:
    serializedVersion: 2
    m_Bits: 4294967295
  m_RenderingLayerMask: 1
  m_Lightmapping: 4
  m_LightShadowCasterMode: 0
  m_AreaSize: {x: 1, y: 1}
  m_BounceIntensity: 1
  m_ColorTemperature: 6570
  m_UseColorTemperature: 0
  m_BoundingSphereOverride: {x: 0, y: 0, z: 0, w: 0}
  m_UseBoundingSphereOverride: 0
  m_ShadowRadius: 0
  m_ShadowAngle: 0
--- !u!4 &458974957
Transform:
  m_ObjectHideFlags: 0
  m_CorrespondingSourceObject: {fileID: 0}
  m_PrefabInstance: {fileID: 0}
  m_PrefabAsset: {fileID: 0}
  m_GameObject: {fileID: 458974955}
  m_LocalRotation: {x: 0.40821788, y: -0.23456968, z: 0.10938163, w: 0.8754261}
  m_LocalPosition: {x: 0, y: 3, z: 0}
  m_LocalScale: {x: 1, y: 1, z: 1}
  m_Children: []
  m_Father: {fileID: 0}
  m_RootOrder: 10
  m_LocalEulerAnglesHint: {x: 50, y: -30, z: 0}
--- !u!1001 &460316958
PrefabInstance:
  m_ObjectHideFlags: 0
  serializedVersion: 2
  m_Modification:
    m_TransformParent: {fileID: 0}
    m_Modifications:
    - target: {fileID: 6685087550026553067, guid: 8834d6de06bcf1648ba984280bda1f17,
        type: 3}
      propertyPath: m_Name
      value: Agua
      objectReference: {fileID: 0}
    - target: {fileID: 7682413559106430200, guid: 8834d6de06bcf1648ba984280bda1f17,
        type: 3}
      propertyPath: m_LocalPosition.x
      value: -1.95
      objectReference: {fileID: 0}
    - target: {fileID: 7682413559106430200, guid: 8834d6de06bcf1648ba984280bda1f17,
        type: 3}
      propertyPath: m_LocalPosition.y
      value: 0.184
      objectReference: {fileID: 0}
    - target: {fileID: 7682413559106430200, guid: 8834d6de06bcf1648ba984280bda1f17,
        type: 3}
      propertyPath: m_LocalPosition.z
      value: -3.18
      objectReference: {fileID: 0}
    - target: {fileID: 7682413559106430200, guid: 8834d6de06bcf1648ba984280bda1f17,
        type: 3}
      propertyPath: m_LocalRotation.x
      value: 0
      objectReference: {fileID: 0}
    - target: {fileID: 7682413559106430200, guid: 8834d6de06bcf1648ba984280bda1f17,
        type: 3}
      propertyPath: m_LocalRotation.y
      value: 0
      objectReference: {fileID: 0}
    - target: {fileID: 7682413559106430200, guid: 8834d6de06bcf1648ba984280bda1f17,
        type: 3}
      propertyPath: m_LocalRotation.z
      value: 0
      objectReference: {fileID: 0}
    - target: {fileID: 7682413559106430200, guid: 8834d6de06bcf1648ba984280bda1f17,
        type: 3}
      propertyPath: m_LocalRotation.w
      value: 1
      objectReference: {fileID: 0}
    - target: {fileID: 7682413559106430200, guid: 8834d6de06bcf1648ba984280bda1f17,
        type: 3}
      propertyPath: m_RootOrder
      value: 15
      objectReference: {fileID: 0}
    - target: {fileID: 7682413559106430200, guid: 8834d6de06bcf1648ba984280bda1f17,
        type: 3}
      propertyPath: m_LocalEulerAnglesHint.x
      value: 0
      objectReference: {fileID: 0}
    - target: {fileID: 7682413559106430200, guid: 8834d6de06bcf1648ba984280bda1f17,
        type: 3}
      propertyPath: m_LocalEulerAnglesHint.y
      value: 0
      objectReference: {fileID: 0}
    - target: {fileID: 7682413559106430200, guid: 8834d6de06bcf1648ba984280bda1f17,
        type: 3}
      propertyPath: m_LocalEulerAnglesHint.z
      value: 0
      objectReference: {fileID: 0}
    m_RemovedComponents: []
  m_SourcePrefab: {fileID: 100100000, guid: 8834d6de06bcf1648ba984280bda1f17, type: 3}
--- !u!1001 &644010017
PrefabInstance:
  m_ObjectHideFlags: 0
  serializedVersion: 2
  m_Modification:
    m_TransformParent: {fileID: 0}
    m_Modifications:
    - target: {fileID: 7350172622257583590, guid: c78b839cec14a4044904b062de2b8d41,
        type: 3}
      propertyPath: m_Name
      value: Blueprint
      objectReference: {fileID: 0}
    - target: {fileID: 5790035750022023157, guid: c78b839cec14a4044904b062de2b8d41,
        type: 3}
      propertyPath: m_LocalPosition.x
      value: -6.3938165
      objectReference: {fileID: 0}
    - target: {fileID: 5790035750022023157, guid: c78b839cec14a4044904b062de2b8d41,
        type: 3}
      propertyPath: m_LocalPosition.y
      value: 0.177
      objectReference: {fileID: 0}
    - target: {fileID: 5790035750022023157, guid: c78b839cec14a4044904b062de2b8d41,
        type: 3}
      propertyPath: m_LocalPosition.z
      value: -4.1562524
      objectReference: {fileID: 0}
    - target: {fileID: 5790035750022023157, guid: c78b839cec14a4044904b062de2b8d41,
        type: 3}
      propertyPath: m_LocalRotation.x
      value: -0
      objectReference: {fileID: 0}
    - target: {fileID: 5790035750022023157, guid: c78b839cec14a4044904b062de2b8d41,
        type: 3}
      propertyPath: m_LocalRotation.y
      value: -0
      objectReference: {fileID: 0}
    - target: {fileID: 5790035750022023157, guid: c78b839cec14a4044904b062de2b8d41,
        type: 3}
      propertyPath: m_LocalRotation.z
      value: -0
      objectReference: {fileID: 0}
    - target: {fileID: 5790035750022023157, guid: c78b839cec14a4044904b062de2b8d41,
        type: 3}
      propertyPath: m_LocalRotation.w
      value: 1
      objectReference: {fileID: 0}
    - target: {fileID: 5790035750022023157, guid: c78b839cec14a4044904b062de2b8d41,
        type: 3}
      propertyPath: m_RootOrder
      value: 8
      objectReference: {fileID: 0}
    - target: {fileID: 5790035750022023157, guid: c78b839cec14a4044904b062de2b8d41,
        type: 3}
      propertyPath: m_LocalEulerAnglesHint.x
      value: 0
      objectReference: {fileID: 0}
    - target: {fileID: 5790035750022023157, guid: c78b839cec14a4044904b062de2b8d41,
        type: 3}
      propertyPath: m_LocalEulerAnglesHint.y
      value: 0
      objectReference: {fileID: 0}
    - target: {fileID: 5790035750022023157, guid: c78b839cec14a4044904b062de2b8d41,
        type: 3}
      propertyPath: m_LocalEulerAnglesHint.z
      value: 0
      objectReference: {fileID: 0}
    m_RemovedComponents: []
  m_SourcePrefab: {fileID: 100100000, guid: c78b839cec14a4044904b062de2b8d41, type: 3}
--- !u!1 &682759397 stripped
GameObject:
  m_CorrespondingSourceObject: {fileID: 1827973135, guid: ef67685ea1f75174981fc4222126f3cf,
    type: 3}
  m_PrefabInstance: {fileID: 365205921}
  m_PrefabAsset: {fileID: 0}
--- !u!1001 &733444821
PrefabInstance:
  m_ObjectHideFlags: 0
  serializedVersion: 2
  m_Modification:
    m_TransformParent: {fileID: 0}
    m_Modifications:
    - target: {fileID: 2217383169891135627, guid: a525d2aadabc6e34693b6ac673db0d57,
        type: 3}
      propertyPath: m_Name
      value: Manta
      objectReference: {fileID: 0}
    - target: {fileID: 2927027385957909144, guid: a525d2aadabc6e34693b6ac673db0d57,
        type: 3}
      propertyPath: m_LocalPosition.x
      value: -5.175
      objectReference: {fileID: 0}
    - target: {fileID: 2927027385957909144, guid: a525d2aadabc6e34693b6ac673db0d57,
        type: 3}
      propertyPath: m_LocalPosition.y
      value: 0.72
      objectReference: {fileID: 0}
    - target: {fileID: 2927027385957909144, guid: a525d2aadabc6e34693b6ac673db0d57,
        type: 3}
      propertyPath: m_LocalPosition.z
      value: -7.882
      objectReference: {fileID: 0}
    - target: {fileID: 2927027385957909144, guid: a525d2aadabc6e34693b6ac673db0d57,
        type: 3}
      propertyPath: m_LocalRotation.x
      value: 0
      objectReference: {fileID: 0}
    - target: {fileID: 2927027385957909144, guid: a525d2aadabc6e34693b6ac673db0d57,
        type: 3}
      propertyPath: m_LocalRotation.y
      value: 0
      objectReference: {fileID: 0}
    - target: {fileID: 2927027385957909144, guid: a525d2aadabc6e34693b6ac673db0d57,
        type: 3}
      propertyPath: m_LocalRotation.z
      value: 0
      objectReference: {fileID: 0}
    - target: {fileID: 2927027385957909144, guid: a525d2aadabc6e34693b6ac673db0d57,
        type: 3}
      propertyPath: m_LocalRotation.w
      value: 1
      objectReference: {fileID: 0}
    - target: {fileID: 2927027385957909144, guid: a525d2aadabc6e34693b6ac673db0d57,
        type: 3}
      propertyPath: m_RootOrder
      value: 3
      objectReference: {fileID: 0}
    - target: {fileID: 2927027385957909144, guid: a525d2aadabc6e34693b6ac673db0d57,
        type: 3}
      propertyPath: m_LocalEulerAnglesHint.x
      value: 0
      objectReference: {fileID: 0}
    - target: {fileID: 2927027385957909144, guid: a525d2aadabc6e34693b6ac673db0d57,
        type: 3}
      propertyPath: m_LocalEulerAnglesHint.y
      value: 0
      objectReference: {fileID: 0}
    - target: {fileID: 2927027385957909144, guid: a525d2aadabc6e34693b6ac673db0d57,
        type: 3}
      propertyPath: m_LocalEulerAnglesHint.z
      value: 0
      objectReference: {fileID: 0}
    m_RemovedComponents: []
  m_SourcePrefab: {fileID: 100100000, guid: a525d2aadabc6e34693b6ac673db0d57, type: 3}
--- !u!1001 &765498309
PrefabInstance:
  m_ObjectHideFlags: 0
  serializedVersion: 2
  m_Modification:
    m_TransformParent: {fileID: 0}
    m_Modifications:
    - target: {fileID: 6060861133528828086, guid: 868071828f5faf54bbad5c8b82d26a3c,
        type: 3}
      propertyPath: m_Name
      value: KeyPartB
      objectReference: {fileID: 0}
    - target: {fileID: 7081867319401773733, guid: 868071828f5faf54bbad5c8b82d26a3c,
        type: 3}
      propertyPath: m_LocalPosition.x
      value: -4.23
      objectReference: {fileID: 0}
    - target: {fileID: 7081867319401773733, guid: 868071828f5faf54bbad5c8b82d26a3c,
        type: 3}
      propertyPath: m_LocalPosition.y
      value: 0.171
      objectReference: {fileID: 0}
    - target: {fileID: 7081867319401773733, guid: 868071828f5faf54bbad5c8b82d26a3c,
        type: 3}
      propertyPath: m_LocalPosition.z
      value: 2.28
      objectReference: {fileID: 0}
    - target: {fileID: 7081867319401773733, guid: 868071828f5faf54bbad5c8b82d26a3c,
        type: 3}
      propertyPath: m_LocalRotation.x
      value: 0
      objectReference: {fileID: 0}
    - target: {fileID: 7081867319401773733, guid: 868071828f5faf54bbad5c8b82d26a3c,
        type: 3}
      propertyPath: m_LocalRotation.y
      value: 0
      objectReference: {fileID: 0}
    - target: {fileID: 7081867319401773733, guid: 868071828f5faf54bbad5c8b82d26a3c,
        type: 3}
      propertyPath: m_LocalRotation.z
      value: 0
      objectReference: {fileID: 0}
    - target: {fileID: 7081867319401773733, guid: 868071828f5faf54bbad5c8b82d26a3c,
        type: 3}
      propertyPath: m_LocalRotation.w
      value: 1
      objectReference: {fileID: 0}
    - target: {fileID: 7081867319401773733, guid: 868071828f5faf54bbad5c8b82d26a3c,
        type: 3}
      propertyPath: m_RootOrder
      value: 4
      objectReference: {fileID: 0}
    - target: {fileID: 7081867319401773733, guid: 868071828f5faf54bbad5c8b82d26a3c,
        type: 3}
      propertyPath: m_LocalEulerAnglesHint.x
      value: 0
      objectReference: {fileID: 0}
    - target: {fileID: 7081867319401773733, guid: 868071828f5faf54bbad5c8b82d26a3c,
        type: 3}
      propertyPath: m_LocalEulerAnglesHint.y
      value: 0
      objectReference: {fileID: 0}
    - target: {fileID: 7081867319401773733, guid: 868071828f5faf54bbad5c8b82d26a3c,
        type: 3}
      propertyPath: m_LocalEulerAnglesHint.z
      value: 0
      objectReference: {fileID: 0}
    m_RemovedComponents: []
  m_SourcePrefab: {fileID: 100100000, guid: 868071828f5faf54bbad5c8b82d26a3c, type: 3}
--- !u!1 &866701638 stripped
GameObject:
  m_CorrespondingSourceObject: {fileID: 119920874565056510, guid: ef67685ea1f75174981fc4222126f3cf,
    type: 3}
  m_PrefabInstance: {fileID: 365205921}
  m_PrefabAsset: {fileID: 0}
--- !u!1001 &915163618
PrefabInstance:
  m_ObjectHideFlags: 0
  serializedVersion: 2
  m_Modification:
    m_TransformParent: {fileID: 0}
    m_Modifications:
    - target: {fileID: 392952805688366267, guid: 83665226ba2d05841a222bfc304dac19,
        type: 3}
      propertyPath: m_Name
      value: Fosforos
      objectReference: {fileID: 0}
    - target: {fileID: 3688260792418477736, guid: 83665226ba2d05841a222bfc304dac19,
        type: 3}
      propertyPath: m_LocalPosition.x
      value: -4.422
      objectReference: {fileID: 0}
    - target: {fileID: 3688260792418477736, guid: 83665226ba2d05841a222bfc304dac19,
        type: 3}
      propertyPath: m_LocalPosition.y
      value: 0.05
      objectReference: {fileID: 0}
    - target: {fileID: 3688260792418477736, guid: 83665226ba2d05841a222bfc304dac19,
        type: 3}
      propertyPath: m_LocalPosition.z
      value: -6.82
      objectReference: {fileID: 0}
    - target: {fileID: 3688260792418477736, guid: 83665226ba2d05841a222bfc304dac19,
        type: 3}
      propertyPath: m_LocalRotation.x
      value: 0
      objectReference: {fileID: 0}
    - target: {fileID: 3688260792418477736, guid: 83665226ba2d05841a222bfc304dac19,
        type: 3}
      propertyPath: m_LocalRotation.y
      value: 0
      objectReference: {fileID: 0}
    - target: {fileID: 3688260792418477736, guid: 83665226ba2d05841a222bfc304dac19,
        type: 3}
      propertyPath: m_LocalRotation.z
      value: 0
      objectReference: {fileID: 0}
    - target: {fileID: 3688260792418477736, guid: 83665226ba2d05841a222bfc304dac19,
        type: 3}
      propertyPath: m_LocalRotation.w
      value: 1
      objectReference: {fileID: 0}
    - target: {fileID: 3688260792418477736, guid: 83665226ba2d05841a222bfc304dac19,
        type: 3}
      propertyPath: m_RootOrder
      value: 6
      objectReference: {fileID: 0}
    - target: {fileID: 3688260792418477736, guid: 83665226ba2d05841a222bfc304dac19,
        type: 3}
      propertyPath: m_LocalEulerAnglesHint.x
      value: 0
      objectReference: {fileID: 0}
    - target: {fileID: 3688260792418477736, guid: 83665226ba2d05841a222bfc304dac19,
        type: 3}
      propertyPath: m_LocalEulerAnglesHint.y
      value: 0
      objectReference: {fileID: 0}
    - target: {fileID: 3688260792418477736, guid: 83665226ba2d05841a222bfc304dac19,
        type: 3}
      propertyPath: m_LocalEulerAnglesHint.z
      value: 0
      objectReference: {fileID: 0}
    m_RemovedComponents: []
  m_SourcePrefab: {fileID: 100100000, guid: 83665226ba2d05841a222bfc304dac19, type: 3}
--- !u!1001 &1139057693
PrefabInstance:
  m_ObjectHideFlags: 0
  serializedVersion: 2
  m_Modification:
    m_TransformParent: {fileID: 0}
    m_Modifications:
    - target: {fileID: 8784523573157851417, guid: 10b9501e73e11814a87e1f4973fc5163,
        type: 3}
      propertyPath: m_Name
      value: Proteccion
      objectReference: {fileID: 0}
    - target: {fileID: 5743141196302680842, guid: 10b9501e73e11814a87e1f4973fc5163,
        type: 3}
      propertyPath: m_LocalPosition.x
      value: -7.5747447
      objectReference: {fileID: 0}
    - target: {fileID: 5743141196302680842, guid: 10b9501e73e11814a87e1f4973fc5163,
        type: 3}
      propertyPath: m_LocalPosition.y
      value: 0
      objectReference: {fileID: 0}
    - target: {fileID: 5743141196302680842, guid: 10b9501e73e11814a87e1f4973fc5163,
        type: 3}
      propertyPath: m_LocalPosition.z
      value: -4.92693
      objectReference: {fileID: 0}
    - target: {fileID: 5743141196302680842, guid: 10b9501e73e11814a87e1f4973fc5163,
        type: 3}
      propertyPath: m_LocalRotation.x
      value: 0
      objectReference: {fileID: 0}
    - target: {fileID: 5743141196302680842, guid: 10b9501e73e11814a87e1f4973fc5163,
        type: 3}
      propertyPath: m_LocalRotation.y
      value: 0
      objectReference: {fileID: 0}
    - target: {fileID: 5743141196302680842, guid: 10b9501e73e11814a87e1f4973fc5163,
        type: 3}
      propertyPath: m_LocalRotation.z
      value: 0
      objectReference: {fileID: 0}
    - target: {fileID: 5743141196302680842, guid: 10b9501e73e11814a87e1f4973fc5163,
        type: 3}
      propertyPath: m_LocalRotation.w
      value: 1
      objectReference: {fileID: 0}
    - target: {fileID: 5743141196302680842, guid: 10b9501e73e11814a87e1f4973fc5163,
        type: 3}
      propertyPath: m_RootOrder
      value: 2
      objectReference: {fileID: 0}
    - target: {fileID: 5743141196302680842, guid: 10b9501e73e11814a87e1f4973fc5163,
        type: 3}
      propertyPath: m_LocalEulerAnglesHint.x
      value: 0
      objectReference: {fileID: 0}
    - target: {fileID: 5743141196302680842, guid: 10b9501e73e11814a87e1f4973fc5163,
        type: 3}
      propertyPath: m_LocalEulerAnglesHint.y
      value: 0
      objectReference: {fileID: 0}
    - target: {fileID: 5743141196302680842, guid: 10b9501e73e11814a87e1f4973fc5163,
        type: 3}
      propertyPath: m_LocalEulerAnglesHint.z
      value: 0
      objectReference: {fileID: 0}
    - target: {fileID: 8015919724437811142, guid: 10b9501e73e11814a87e1f4973fc5163,
        type: 3}
      propertyPath: m_Materials.Array.data[0]
      value: 
      objectReference: {fileID: 2100000, guid: 33e5a5c19925ee94080b15b56b47fce7, type: 2}
    m_RemovedComponents: []
  m_SourcePrefab: {fileID: 100100000, guid: 10b9501e73e11814a87e1f4973fc5163, type: 3}
--- !u!1 &1287853915
GameObject:
  m_ObjectHideFlags: 0
  m_CorrespondingSourceObject: {fileID: 0}
  m_PrefabInstance: {fileID: 0}
  m_PrefabAsset: {fileID: 0}
  serializedVersion: 6
  m_Component:
  - component: {fileID: 1287853918}
  - component: {fileID: 1287853917}
  - component: {fileID: 1287853916}
  m_Layer: 0
  m_Name: EventSystem
  m_TagString: Untagged
  m_Icon: {fileID: 0}
  m_NavMeshLayer: 0
  m_StaticEditorFlags: 0
  m_IsActive: 1
--- !u!114 &1287853916
MonoBehaviour:
  m_ObjectHideFlags: 0
  m_CorrespondingSourceObject: {fileID: 0}
  m_PrefabInstance: {fileID: 0}
  m_PrefabAsset: {fileID: 0}
  m_GameObject: {fileID: 1287853915}
  m_Enabled: 1
  m_EditorHideFlags: 0
  m_Script: {fileID: 11500000, guid: 4f231c4fb786f3946a6b90b886c48677, type: 3}
  m_Name: 
  m_EditorClassIdentifier: 
  m_HorizontalAxis: Horizontal
  m_VerticalAxis: Vertical
  m_SubmitButton: Submit
  m_CancelButton: Cancel
  m_InputActionsPerSecond: 10
  m_RepeatDelay: 0.5
  m_ForceModuleActive: 0
--- !u!114 &1287853917
MonoBehaviour:
  m_ObjectHideFlags: 0
  m_CorrespondingSourceObject: {fileID: 0}
  m_PrefabInstance: {fileID: 0}
  m_PrefabAsset: {fileID: 0}
  m_GameObject: {fileID: 1287853915}
  m_Enabled: 1
  m_EditorHideFlags: 0
  m_Script: {fileID: 11500000, guid: 76c392e42b5098c458856cdf6ecaaaa1, type: 3}
  m_Name: 
  m_EditorClassIdentifier: 
  m_FirstSelected: {fileID: 0}
  m_sendNavigationEvents: 1
  m_DragThreshold: 10
--- !u!4 &1287853918
Transform:
  m_ObjectHideFlags: 0
  m_CorrespondingSourceObject: {fileID: 0}
  m_PrefabInstance: {fileID: 0}
  m_PrefabAsset: {fileID: 0}
  m_GameObject: {fileID: 1287853915}
  m_LocalRotation: {x: 0, y: 0, z: 0, w: 1}
  m_LocalPosition: {x: 0, y: 0, z: 0}
  m_LocalScale: {x: 1, y: 1, z: 1}
  m_Children: []
  m_Father: {fileID: 0}
  m_RootOrder: 0
  m_LocalEulerAnglesHint: {x: 0, y: 0, z: 0}
--- !u!1001 &1377443976
PrefabInstance:
  m_ObjectHideFlags: 0
  serializedVersion: 2
  m_Modification:
    m_TransformParent: {fileID: 0}
    m_Modifications:
    - target: {fileID: 4488065076410401112, guid: e7a4cdcfc8ab35d4c896641fd4b1ad4e,
        type: 3}
      propertyPath: m_Name
      value: Scrap
      objectReference: {fileID: 0}
    - target: {fileID: 526333755428405488, guid: e7a4cdcfc8ab35d4c896641fd4b1ad4e,
        type: 3}
      propertyPath: m_LocalPosition.x
      value: -6.75
      objectReference: {fileID: 0}
    - target: {fileID: 526333755428405488, guid: e7a4cdcfc8ab35d4c896641fd4b1ad4e,
        type: 3}
      propertyPath: m_LocalPosition.y
      value: 0.5
      objectReference: {fileID: 0}
    - target: {fileID: 526333755428405488, guid: e7a4cdcfc8ab35d4c896641fd4b1ad4e,
        type: 3}
      propertyPath: m_LocalPosition.z
      value: -6.61
      objectReference: {fileID: 0}
    - target: {fileID: 526333755428405488, guid: e7a4cdcfc8ab35d4c896641fd4b1ad4e,
        type: 3}
      propertyPath: m_LocalRotation.x
      value: -0
      objectReference: {fileID: 0}
    - target: {fileID: 526333755428405488, guid: e7a4cdcfc8ab35d4c896641fd4b1ad4e,
        type: 3}
      propertyPath: m_LocalRotation.y
      value: -0
      objectReference: {fileID: 0}
    - target: {fileID: 526333755428405488, guid: e7a4cdcfc8ab35d4c896641fd4b1ad4e,
        type: 3}
      propertyPath: m_LocalRotation.z
      value: -0
      objectReference: {fileID: 0}
    - target: {fileID: 526333755428405488, guid: e7a4cdcfc8ab35d4c896641fd4b1ad4e,
        type: 3}
      propertyPath: m_LocalRotation.w
      value: 1
      objectReference: {fileID: 0}
    - target: {fileID: 526333755428405488, guid: e7a4cdcfc8ab35d4c896641fd4b1ad4e,
        type: 3}
      propertyPath: m_RootOrder
      value: 1
      objectReference: {fileID: 0}
    - target: {fileID: 526333755428405488, guid: e7a4cdcfc8ab35d4c896641fd4b1ad4e,
        type: 3}
      propertyPath: m_LocalEulerAnglesHint.x
      value: 0
      objectReference: {fileID: 0}
    - target: {fileID: 526333755428405488, guid: e7a4cdcfc8ab35d4c896641fd4b1ad4e,
        type: 3}
      propertyPath: m_LocalEulerAnglesHint.y
      value: 0
      objectReference: {fileID: 0}
    - target: {fileID: 526333755428405488, guid: e7a4cdcfc8ab35d4c896641fd4b1ad4e,
        type: 3}
      propertyPath: m_LocalEulerAnglesHint.z
      value: 0
      objectReference: {fileID: 0}
    m_RemovedComponents: []
  m_SourcePrefab: {fileID: 100100000, guid: e7a4cdcfc8ab35d4c896641fd4b1ad4e, type: 3}
--- !u!1001 &1457225675
PrefabInstance:
  m_ObjectHideFlags: 0
  serializedVersion: 2
  m_Modification:
    m_TransformParent: {fileID: 0}
    m_Modifications:
    - target: {fileID: 1987466262854937077, guid: 1c66846fe840f0a4cb33072a9ed4f117,
        type: 3}
      propertyPath: m_Name
      value: InventoryDemo
      objectReference: {fileID: 0}
    - target: {fileID: 1987466262854937076, guid: 1c66846fe840f0a4cb33072a9ed4f117,
        type: 3}
      propertyPath: m_LocalPosition.x
      value: 0
      objectReference: {fileID: 0}
    - target: {fileID: 1987466262854937076, guid: 1c66846fe840f0a4cb33072a9ed4f117,
        type: 3}
      propertyPath: m_LocalPosition.y
      value: 0
      objectReference: {fileID: 0}
    - target: {fileID: 1987466262854937076, guid: 1c66846fe840f0a4cb33072a9ed4f117,
        type: 3}
      propertyPath: m_LocalPosition.z
      value: 0
      objectReference: {fileID: 0}
    - target: {fileID: 1987466262854937076, guid: 1c66846fe840f0a4cb33072a9ed4f117,
        type: 3}
      propertyPath: m_LocalRotation.x
      value: 0
      objectReference: {fileID: 0}
    - target: {fileID: 1987466262854937076, guid: 1c66846fe840f0a4cb33072a9ed4f117,
        type: 3}
      propertyPath: m_LocalRotation.y
      value: 0
      objectReference: {fileID: 0}
    - target: {fileID: 1987466262854937076, guid: 1c66846fe840f0a4cb33072a9ed4f117,
        type: 3}
      propertyPath: m_LocalRotation.z
      value: 0
      objectReference: {fileID: 0}
    - target: {fileID: 1987466262854937076, guid: 1c66846fe840f0a4cb33072a9ed4f117,
        type: 3}
      propertyPath: m_LocalRotation.w
      value: 1
      objectReference: {fileID: 0}
    - target: {fileID: 1987466262854937076, guid: 1c66846fe840f0a4cb33072a9ed4f117,
        type: 3}
      propertyPath: m_RootOrder
      value: 14
      objectReference: {fileID: 0}
    - target: {fileID: 1987466262854937076, guid: 1c66846fe840f0a4cb33072a9ed4f117,
        type: 3}
      propertyPath: m_LocalEulerAnglesHint.x
      value: 0
      objectReference: {fileID: 0}
    - target: {fileID: 1987466262854937076, guid: 1c66846fe840f0a4cb33072a9ed4f117,
        type: 3}
      propertyPath: m_LocalEulerAnglesHint.y
      value: 0
      objectReference: {fileID: 0}
    - target: {fileID: 1987466262854937076, guid: 1c66846fe840f0a4cb33072a9ed4f117,
        type: 3}
      propertyPath: m_LocalEulerAnglesHint.z
      value: 0
      objectReference: {fileID: 0}
    - target: {fileID: 1987466262854937076, guid: 1c66846fe840f0a4cb33072a9ed4f117,
        type: 3}
      propertyPath: m_AnchoredPosition.x
      value: 0
      objectReference: {fileID: 0}
    - target: {fileID: 1987466262854937076, guid: 1c66846fe840f0a4cb33072a9ed4f117,
        type: 3}
      propertyPath: m_AnchoredPosition.y
      value: 0
      objectReference: {fileID: 0}
    - target: {fileID: 1987466262854937076, guid: 1c66846fe840f0a4cb33072a9ed4f117,
        type: 3}
      propertyPath: m_SizeDelta.x
      value: 0
      objectReference: {fileID: 0}
    - target: {fileID: 1987466262854937076, guid: 1c66846fe840f0a4cb33072a9ed4f117,
        type: 3}
      propertyPath: m_SizeDelta.y
      value: 0
      objectReference: {fileID: 0}
    - target: {fileID: 1987466262854937076, guid: 1c66846fe840f0a4cb33072a9ed4f117,
        type: 3}
      propertyPath: m_AnchorMin.x
      value: 0
      objectReference: {fileID: 0}
    - target: {fileID: 1987466262854937076, guid: 1c66846fe840f0a4cb33072a9ed4f117,
        type: 3}
      propertyPath: m_AnchorMin.y
      value: 0
      objectReference: {fileID: 0}
    - target: {fileID: 1987466262854937076, guid: 1c66846fe840f0a4cb33072a9ed4f117,
        type: 3}
      propertyPath: m_AnchorMax.x
      value: 0
      objectReference: {fileID: 0}
    - target: {fileID: 1987466262854937076, guid: 1c66846fe840f0a4cb33072a9ed4f117,
        type: 3}
      propertyPath: m_AnchorMax.y
      value: 0
      objectReference: {fileID: 0}
    - target: {fileID: 1987466262854937076, guid: 1c66846fe840f0a4cb33072a9ed4f117,
        type: 3}
      propertyPath: m_Pivot.x
      value: 0
      objectReference: {fileID: 0}
    - target: {fileID: 1987466262854937076, guid: 1c66846fe840f0a4cb33072a9ed4f117,
        type: 3}
      propertyPath: m_Pivot.y
      value: 0
      objectReference: {fileID: 0}
    - target: {fileID: 872512154, guid: 1c66846fe840f0a4cb33072a9ed4f117, type: 3}
      propertyPath: m_AnchorMin.y
      value: 0
      objectReference: {fileID: 0}
    - target: {fileID: 872512154, guid: 1c66846fe840f0a4cb33072a9ed4f117, type: 3}
      propertyPath: m_AnchorMax.y
      value: 0
      objectReference: {fileID: 0}
    - target: {fileID: 872512154, guid: 1c66846fe840f0a4cb33072a9ed4f117, type: 3}
      propertyPath: m_AnchoredPosition.x
      value: 0
      objectReference: {fileID: 0}
    - target: {fileID: 872512154, guid: 1c66846fe840f0a4cb33072a9ed4f117, type: 3}
      propertyPath: m_AnchoredPosition.y
      value: 0
      objectReference: {fileID: 0}
    - target: {fileID: 872512154, guid: 1c66846fe840f0a4cb33072a9ed4f117, type: 3}
      propertyPath: m_SizeDelta.x
      value: 0
      objectReference: {fileID: 0}
    - target: {fileID: 872512154, guid: 1c66846fe840f0a4cb33072a9ed4f117, type: 3}
      propertyPath: m_SizeDelta.y
      value: 0
      objectReference: {fileID: 0}
    - target: {fileID: 237393213, guid: 1c66846fe840f0a4cb33072a9ed4f117, type: 3}
      propertyPath: m_AnchorMin.y
      value: 0
      objectReference: {fileID: 0}
    - target: {fileID: 237393213, guid: 1c66846fe840f0a4cb33072a9ed4f117, type: 3}
      propertyPath: m_AnchorMax.y
      value: 0
      objectReference: {fileID: 0}
    - target: {fileID: 237393213, guid: 1c66846fe840f0a4cb33072a9ed4f117, type: 3}
      propertyPath: m_AnchoredPosition.x
      value: 0
      objectReference: {fileID: 0}
    - target: {fileID: 237393213, guid: 1c66846fe840f0a4cb33072a9ed4f117, type: 3}
      propertyPath: m_AnchoredPosition.y
      value: 0
      objectReference: {fileID: 0}
    - target: {fileID: 237393213, guid: 1c66846fe840f0a4cb33072a9ed4f117, type: 3}
      propertyPath: m_SizeDelta.x
      value: 0
      objectReference: {fileID: 0}
    - target: {fileID: 237393213, guid: 1c66846fe840f0a4cb33072a9ed4f117, type: 3}
      propertyPath: m_SizeDelta.y
      value: 0
      objectReference: {fileID: 0}
    - target: {fileID: 1991172449, guid: 1c66846fe840f0a4cb33072a9ed4f117, type: 3}
      propertyPath: m_AnchorMin.y
      value: 0
      objectReference: {fileID: 0}
    - target: {fileID: 1991172449, guid: 1c66846fe840f0a4cb33072a9ed4f117, type: 3}
      propertyPath: m_AnchorMax.y
      value: 0
      objectReference: {fileID: 0}
    - target: {fileID: 1991172449, guid: 1c66846fe840f0a4cb33072a9ed4f117, type: 3}
      propertyPath: m_AnchoredPosition.x
      value: 0
      objectReference: {fileID: 0}
    - target: {fileID: 1991172449, guid: 1c66846fe840f0a4cb33072a9ed4f117, type: 3}
      propertyPath: m_AnchoredPosition.y
      value: 0
      objectReference: {fileID: 0}
    - target: {fileID: 1991172449, guid: 1c66846fe840f0a4cb33072a9ed4f117, type: 3}
      propertyPath: m_SizeDelta.x
      value: 0
      objectReference: {fileID: 0}
    - target: {fileID: 1991172449, guid: 1c66846fe840f0a4cb33072a9ed4f117, type: 3}
      propertyPath: m_SizeDelta.y
      value: 0
      objectReference: {fileID: 0}
    - target: {fileID: 1546502555, guid: 1c66846fe840f0a4cb33072a9ed4f117, type: 3}
      propertyPath: m_AnchorMin.y
      value: 0
      objectReference: {fileID: 0}
    - target: {fileID: 1546502555, guid: 1c66846fe840f0a4cb33072a9ed4f117, type: 3}
      propertyPath: m_AnchorMax.y
      value: 0
      objectReference: {fileID: 0}
    - target: {fileID: 1546502555, guid: 1c66846fe840f0a4cb33072a9ed4f117, type: 3}
      propertyPath: m_AnchoredPosition.x
      value: 0
      objectReference: {fileID: 0}
    - target: {fileID: 1546502555, guid: 1c66846fe840f0a4cb33072a9ed4f117, type: 3}
      propertyPath: m_AnchoredPosition.y
      value: 0
      objectReference: {fileID: 0}
    - target: {fileID: 1546502555, guid: 1c66846fe840f0a4cb33072a9ed4f117, type: 3}
      propertyPath: m_SizeDelta.x
      value: 0
      objectReference: {fileID: 0}
    - target: {fileID: 1546502555, guid: 1c66846fe840f0a4cb33072a9ed4f117, type: 3}
      propertyPath: m_SizeDelta.y
      value: 0
      objectReference: {fileID: 0}
    - target: {fileID: 377731029, guid: 1c66846fe840f0a4cb33072a9ed4f117, type: 3}
      propertyPath: m_AnchorMin.y
      value: 0
      objectReference: {fileID: 0}
    - target: {fileID: 377731029, guid: 1c66846fe840f0a4cb33072a9ed4f117, type: 3}
      propertyPath: m_AnchorMax.y
      value: 0
      objectReference: {fileID: 0}
    - target: {fileID: 377731029, guid: 1c66846fe840f0a4cb33072a9ed4f117, type: 3}
      propertyPath: m_AnchoredPosition.x
      value: 0
      objectReference: {fileID: 0}
    - target: {fileID: 377731029, guid: 1c66846fe840f0a4cb33072a9ed4f117, type: 3}
      propertyPath: m_AnchoredPosition.y
      value: 0
      objectReference: {fileID: 0}
    - target: {fileID: 377731029, guid: 1c66846fe840f0a4cb33072a9ed4f117, type: 3}
      propertyPath: m_SizeDelta.x
      value: 0
      objectReference: {fileID: 0}
    - target: {fileID: 377731029, guid: 1c66846fe840f0a4cb33072a9ed4f117, type: 3}
      propertyPath: m_SizeDelta.y
      value: 0
      objectReference: {fileID: 0}
    - target: {fileID: 1349471208, guid: 1c66846fe840f0a4cb33072a9ed4f117, type: 3}
      propertyPath: m_AnchorMin.y
      value: 0
      objectReference: {fileID: 0}
    - target: {fileID: 1349471208, guid: 1c66846fe840f0a4cb33072a9ed4f117, type: 3}
      propertyPath: m_AnchorMax.y
      value: 0
      objectReference: {fileID: 0}
    - target: {fileID: 1349471208, guid: 1c66846fe840f0a4cb33072a9ed4f117, type: 3}
      propertyPath: m_AnchoredPosition.x
      value: 0
      objectReference: {fileID: 0}
    - target: {fileID: 1349471208, guid: 1c66846fe840f0a4cb33072a9ed4f117, type: 3}
      propertyPath: m_AnchoredPosition.y
      value: 0
      objectReference: {fileID: 0}
    - target: {fileID: 1349471208, guid: 1c66846fe840f0a4cb33072a9ed4f117, type: 3}
      propertyPath: m_SizeDelta.x
      value: 0
      objectReference: {fileID: 0}
    - target: {fileID: 1349471208, guid: 1c66846fe840f0a4cb33072a9ed4f117, type: 3}
      propertyPath: m_SizeDelta.y
      value: 0
      objectReference: {fileID: 0}
    - target: {fileID: 39230582, guid: 1c66846fe840f0a4cb33072a9ed4f117, type: 3}
      propertyPath: m_AnchorMin.y
      value: 0
      objectReference: {fileID: 0}
    - target: {fileID: 39230582, guid: 1c66846fe840f0a4cb33072a9ed4f117, type: 3}
      propertyPath: m_AnchorMax.y
      value: 0
      objectReference: {fileID: 0}
    - target: {fileID: 39230582, guid: 1c66846fe840f0a4cb33072a9ed4f117, type: 3}
      propertyPath: m_AnchoredPosition.x
      value: 0
      objectReference: {fileID: 0}
    - target: {fileID: 39230582, guid: 1c66846fe840f0a4cb33072a9ed4f117, type: 3}
      propertyPath: m_AnchoredPosition.y
      value: 0
      objectReference: {fileID: 0}
    - target: {fileID: 39230582, guid: 1c66846fe840f0a4cb33072a9ed4f117, type: 3}
      propertyPath: m_SizeDelta.x
      value: 0
      objectReference: {fileID: 0}
    - target: {fileID: 39230582, guid: 1c66846fe840f0a4cb33072a9ed4f117, type: 3}
      propertyPath: m_SizeDelta.y
      value: 0
      objectReference: {fileID: 0}
    - target: {fileID: 725256812, guid: 1c66846fe840f0a4cb33072a9ed4f117, type: 3}
      propertyPath: m_AnchorMin.y
      value: 0
      objectReference: {fileID: 0}
    - target: {fileID: 725256812, guid: 1c66846fe840f0a4cb33072a9ed4f117, type: 3}
      propertyPath: m_AnchorMax.y
      value: 0
      objectReference: {fileID: 0}
    - target: {fileID: 725256812, guid: 1c66846fe840f0a4cb33072a9ed4f117, type: 3}
      propertyPath: m_AnchoredPosition.x
      value: 0
      objectReference: {fileID: 0}
    - target: {fileID: 725256812, guid: 1c66846fe840f0a4cb33072a9ed4f117, type: 3}
      propertyPath: m_AnchoredPosition.y
      value: 0
      objectReference: {fileID: 0}
    - target: {fileID: 725256812, guid: 1c66846fe840f0a4cb33072a9ed4f117, type: 3}
      propertyPath: m_SizeDelta.x
      value: 0
      objectReference: {fileID: 0}
    - target: {fileID: 725256812, guid: 1c66846fe840f0a4cb33072a9ed4f117, type: 3}
      propertyPath: m_SizeDelta.y
      value: 0
      objectReference: {fileID: 0}
    - target: {fileID: 1488531314, guid: 1c66846fe840f0a4cb33072a9ed4f117, type: 3}
      propertyPath: m_AnchorMin.y
      value: 0
      objectReference: {fileID: 0}
    - target: {fileID: 1488531314, guid: 1c66846fe840f0a4cb33072a9ed4f117, type: 3}
      propertyPath: m_AnchorMax.y
      value: 0
      objectReference: {fileID: 0}
    - target: {fileID: 1488531314, guid: 1c66846fe840f0a4cb33072a9ed4f117, type: 3}
      propertyPath: m_AnchoredPosition.x
      value: 0
      objectReference: {fileID: 0}
    - target: {fileID: 1488531314, guid: 1c66846fe840f0a4cb33072a9ed4f117, type: 3}
      propertyPath: m_AnchoredPosition.y
      value: 0
      objectReference: {fileID: 0}
    - target: {fileID: 1488531314, guid: 1c66846fe840f0a4cb33072a9ed4f117, type: 3}
      propertyPath: m_SizeDelta.x
      value: 0
      objectReference: {fileID: 0}
    - target: {fileID: 1488531314, guid: 1c66846fe840f0a4cb33072a9ed4f117, type: 3}
      propertyPath: m_SizeDelta.y
      value: 0
      objectReference: {fileID: 0}
    - target: {fileID: 1835764525, guid: 1c66846fe840f0a4cb33072a9ed4f117, type: 3}
      propertyPath: m_AnchorMin.y
      value: 0
      objectReference: {fileID: 0}
    - target: {fileID: 1835764525, guid: 1c66846fe840f0a4cb33072a9ed4f117, type: 3}
      propertyPath: m_AnchorMax.y
      value: 0
      objectReference: {fileID: 0}
    - target: {fileID: 1835764525, guid: 1c66846fe840f0a4cb33072a9ed4f117, type: 3}
      propertyPath: m_AnchoredPosition.x
      value: 0
      objectReference: {fileID: 0}
    - target: {fileID: 1835764525, guid: 1c66846fe840f0a4cb33072a9ed4f117, type: 3}
      propertyPath: m_AnchoredPosition.y
      value: 0
      objectReference: {fileID: 0}
    - target: {fileID: 1835764525, guid: 1c66846fe840f0a4cb33072a9ed4f117, type: 3}
      propertyPath: m_SizeDelta.x
      value: 0
      objectReference: {fileID: 0}
    - target: {fileID: 1835764525, guid: 1c66846fe840f0a4cb33072a9ed4f117, type: 3}
      propertyPath: m_SizeDelta.y
      value: 0
      objectReference: {fileID: 0}
    - target: {fileID: 1589500665, guid: 1c66846fe840f0a4cb33072a9ed4f117, type: 3}
      propertyPath: m_AnchorMin.y
      value: 0
      objectReference: {fileID: 0}
    - target: {fileID: 1589500665, guid: 1c66846fe840f0a4cb33072a9ed4f117, type: 3}
      propertyPath: m_AnchorMax.y
      value: 0
      objectReference: {fileID: 0}
    - target: {fileID: 1589500665, guid: 1c66846fe840f0a4cb33072a9ed4f117, type: 3}
      propertyPath: m_AnchoredPosition.x
      value: 0
      objectReference: {fileID: 0}
    - target: {fileID: 1589500665, guid: 1c66846fe840f0a4cb33072a9ed4f117, type: 3}
      propertyPath: m_AnchoredPosition.y
      value: 0
      objectReference: {fileID: 0}
    - target: {fileID: 1589500665, guid: 1c66846fe840f0a4cb33072a9ed4f117, type: 3}
      propertyPath: m_SizeDelta.x
      value: 0
      objectReference: {fileID: 0}
    - target: {fileID: 1589500665, guid: 1c66846fe840f0a4cb33072a9ed4f117, type: 3}
      propertyPath: m_SizeDelta.y
      value: 0
      objectReference: {fileID: 0}
    - target: {fileID: 1497574322, guid: 1c66846fe840f0a4cb33072a9ed4f117, type: 3}
      propertyPath: m_AnchorMin.y
      value: 0
      objectReference: {fileID: 0}
    - target: {fileID: 1497574322, guid: 1c66846fe840f0a4cb33072a9ed4f117, type: 3}
      propertyPath: m_AnchorMax.y
      value: 0
      objectReference: {fileID: 0}
    - target: {fileID: 1497574322, guid: 1c66846fe840f0a4cb33072a9ed4f117, type: 3}
      propertyPath: m_AnchoredPosition.x
      value: 0
      objectReference: {fileID: 0}
    - target: {fileID: 1497574322, guid: 1c66846fe840f0a4cb33072a9ed4f117, type: 3}
      propertyPath: m_AnchoredPosition.y
      value: 0
      objectReference: {fileID: 0}
    - target: {fileID: 1497574322, guid: 1c66846fe840f0a4cb33072a9ed4f117, type: 3}
      propertyPath: m_SizeDelta.x
      value: 0
      objectReference: {fileID: 0}
    - target: {fileID: 1497574322, guid: 1c66846fe840f0a4cb33072a9ed4f117, type: 3}
      propertyPath: m_SizeDelta.y
      value: 0
      objectReference: {fileID: 0}
    - target: {fileID: 3340053534919220832, guid: 1c66846fe840f0a4cb33072a9ed4f117,
        type: 3}
      propertyPath: Camera
      value: 
      objectReference: {fileID: 682759397}
    - target: {fileID: 1845643973, guid: 1c66846fe840f0a4cb33072a9ed4f117, type: 3}
      propertyPath: _player
      value: 
      objectReference: {fileID: 866701638}
    m_RemovedComponents: []
  m_SourcePrefab: {fileID: 100100000, guid: 1c66846fe840f0a4cb33072a9ed4f117, type: 3}
--- !u!1001 &1812847608
PrefabInstance:
  m_ObjectHideFlags: 0
  serializedVersion: 2
  m_Modification:
    m_TransformParent: {fileID: 0}
    m_Modifications:
    - target: {fileID: 2455031953987553288, guid: 73e8df80b73e3864eb9e32a1ebd440c6,
        type: 3}
      propertyPath: m_Name
      value: Backpack
      objectReference: {fileID: 0}
    - target: {fileID: 1461804380893198875, guid: 73e8df80b73e3864eb9e32a1ebd440c6,
        type: 3}
      propertyPath: m_LocalPosition.x
      value: 0.43631628
      objectReference: {fileID: 0}
    - target: {fileID: 1461804380893198875, guid: 73e8df80b73e3864eb9e32a1ebd440c6,
        type: 3}
      propertyPath: m_LocalPosition.y
      value: 0.60409594
      objectReference: {fileID: 0}
    - target: {fileID: 1461804380893198875, guid: 73e8df80b73e3864eb9e32a1ebd440c6,
        type: 3}
      propertyPath: m_LocalPosition.z
      value: -5.2386003
      objectReference: {fileID: 0}
    - target: {fileID: 1461804380893198875, guid: 73e8df80b73e3864eb9e32a1ebd440c6,
        type: 3}
      propertyPath: m_LocalRotation.x
      value: 0
      objectReference: {fileID: 0}
    - target: {fileID: 1461804380893198875, guid: 73e8df80b73e3864eb9e32a1ebd440c6,
        type: 3}
      propertyPath: m_LocalRotation.y
      value: 0
      objectReference: {fileID: 0}
    - target: {fileID: 1461804380893198875, guid: 73e8df80b73e3864eb9e32a1ebd440c6,
        type: 3}
      propertyPath: m_LocalRotation.z
      value: 0
      objectReference: {fileID: 0}
    - target: {fileID: 1461804380893198875, guid: 73e8df80b73e3864eb9e32a1ebd440c6,
        type: 3}
      propertyPath: m_LocalRotation.w
      value: 1
      objectReference: {fileID: 0}
    - target: {fileID: 1461804380893198875, guid: 73e8df80b73e3864eb9e32a1ebd440c6,
        type: 3}
      propertyPath: m_RootOrder
      value: 11
      objectReference: {fileID: 0}
    - target: {fileID: 1461804380893198875, guid: 73e8df80b73e3864eb9e32a1ebd440c6,
        type: 3}
      propertyPath: m_LocalEulerAnglesHint.x
      value: 0
      objectReference: {fileID: 0}
    - target: {fileID: 1461804380893198875, guid: 73e8df80b73e3864eb9e32a1ebd440c6,
        type: 3}
      propertyPath: m_LocalEulerAnglesHint.y
      value: 0
      objectReference: {fileID: 0}
    - target: {fileID: 1461804380893198875, guid: 73e8df80b73e3864eb9e32a1ebd440c6,
        type: 3}
      propertyPath: m_LocalEulerAnglesHint.z
      value: 0
      objectReference: {fileID: 0}
    m_RemovedComponents: []
  m_SourcePrefab: {fileID: 100100000, guid: 73e8df80b73e3864eb9e32a1ebd440c6, type: 3}
--- !u!1 &1876798287 stripped
GameObject:
  m_CorrespondingSourceObject: {fileID: -927199367670048503, guid: 48f93ce879e02cd4b86e587769efea8e,
    type: 3}
  m_PrefabInstance: {fileID: 404143441}
  m_PrefabAsset: {fileID: 0}
--- !u!64 &1876798288
MeshCollider:
  m_ObjectHideFlags: 0
  m_CorrespondingSourceObject: {fileID: 0}
  m_PrefabInstance: {fileID: 0}
  m_PrefabAsset: {fileID: 0}
  m_GameObject: {fileID: 1876798287}
  m_Material: {fileID: 0}
  m_IsTrigger: 0
  m_Enabled: 1
  serializedVersion: 3
  m_Convex: 0
  m_CookingOptions: 14
  m_Mesh: {fileID: 2724391858985514276, guid: 48f93ce879e02cd4b86e587769efea8e, type: 3}
--- !u!1001 &7838283929330435798
PrefabInstance:
  m_ObjectHideFlags: 0
  serializedVersion: 2
  m_Modification:
    m_TransformParent: {fileID: 0}
    m_Modifications:
    - target: {fileID: 2393424700420985746, guid: 0e69f461f93b96a4db93abd8362ed388,
        type: 3}
      propertyPath: m_Name
      value: BearHeal
      objectReference: {fileID: 0}
    - target: {fileID: 1687863381013029249, guid: 0e69f461f93b96a4db93abd8362ed388,
        type: 3}
      propertyPath: m_LocalPosition.x
      value: -3.645
      objectReference: {fileID: 0}
    - target: {fileID: 1687863381013029249, guid: 0e69f461f93b96a4db93abd8362ed388,
        type: 3}
      propertyPath: m_LocalPosition.y
      value: 0.79
      objectReference: {fileID: 0}
    - target: {fileID: 1687863381013029249, guid: 0e69f461f93b96a4db93abd8362ed388,
        type: 3}
      propertyPath: m_LocalPosition.z
      value: -2.047
      objectReference: {fileID: 0}
    - target: {fileID: 1687863381013029249, guid: 0e69f461f93b96a4db93abd8362ed388,
        type: 3}
      propertyPath: m_LocalRotation.x
      value: 0
      objectReference: {fileID: 0}
    - target: {fileID: 1687863381013029249, guid: 0e69f461f93b96a4db93abd8362ed388,
        type: 3}
      propertyPath: m_LocalRotation.y
      value: 0
      objectReference: {fileID: 0}
    - target: {fileID: 1687863381013029249, guid: 0e69f461f93b96a4db93abd8362ed388,
        type: 3}
      propertyPath: m_LocalRotation.z
      value: 0
      objectReference: {fileID: 0}
    - target: {fileID: 1687863381013029249, guid: 0e69f461f93b96a4db93abd8362ed388,
        type: 3}
      propertyPath: m_LocalRotation.w
      value: 1
      objectReference: {fileID: 0}
    - target: {fileID: 1687863381013029249, guid: 0e69f461f93b96a4db93abd8362ed388,
        type: 3}
      propertyPath: m_RootOrder
      value: 9
      objectReference: {fileID: 0}
    - target: {fileID: 1687863381013029249, guid: 0e69f461f93b96a4db93abd8362ed388,
        type: 3}
      propertyPath: m_LocalEulerAnglesHint.x
      value: 0
      objectReference: {fileID: 0}
    - target: {fileID: 1687863381013029249, guid: 0e69f461f93b96a4db93abd8362ed388,
        type: 3}
      propertyPath: m_LocalEulerAnglesHint.y
      value: 0
      objectReference: {fileID: 0}
    - target: {fileID: 1687863381013029249, guid: 0e69f461f93b96a4db93abd8362ed388,
        type: 3}
      propertyPath: m_LocalEulerAnglesHint.z
      value: 0
      objectReference: {fileID: 0}
    - target: {fileID: 7966924100869129389, guid: 0e69f461f93b96a4db93abd8362ed388,
        type: 3}
      propertyPath: m_Materials.Array.data[0]
      value: 
      objectReference: {fileID: 2100000, guid: c11aa66cc23be8c44bdacb5c415c39d1, type: 2}
    - target: {fileID: 3480158512868934974, guid: 0e69f461f93b96a4db93abd8362ed388,
        type: 3}
      propertyPath: m_Materials.Array.data[0]
      value: 
      objectReference: {fileID: 2100000, guid: c11aa66cc23be8c44bdacb5c415c39d1, type: 2}
    - target: {fileID: 1809288865202622135, guid: 0e69f461f93b96a4db93abd8362ed388,
        type: 3}
      propertyPath: m_Materials.Array.data[0]
      value: 
      objectReference: {fileID: 2100000, guid: c11aa66cc23be8c44bdacb5c415c39d1, type: 2}
    m_RemovedComponents: []
  m_SourcePrefab: {fileID: 100100000, guid: 0e69f461f93b96a4db93abd8362ed388, type: 3}
